@manual{cite:mathWorks,
 
    author  =   {MathWorks},
    title   =   {MathWorks},
	address =   {\url{https://se.mathworks.com/}},
	year    =   {2018},
	note    =   {Seen 16-02-2018}	
}
 
@book{cite:latexcompanion,
    author    = "Michel Goossens and Frank Mittelbach and Alexander Samarin",
    title     = "The \LaTeX\ Companion",
    year      = "1993",
    publisher = "Addison-Wesley",
    address   = "Reading, Massachusetts"
}

@manual{cite:dependencyInjection,
    author    = {Thorben Janssen},
    title     = {Design Patterns Explained – Dependency Injection with Code Examples},
    address =  {\url{https://stackify.com/dependency-injection/}},
    year    =   {19-06-2018},
	note    =   {Seen 01-03-2019}	
}

@manual{cite:aboutSWAGGER2019,
    author    = {Swagger},
    title     = {About Swagger},
    address =  {\url{https://swagger.io/about/}},
    year    =   {n.d.},
	note    =   {Seen 01-03-2019}	
}

@manual{cite:processManualSW602F19,
    author    = {Bjarke Møller and Jacob Gosch and Kristoffer Jensen and Magnus Pedersen and Tobias Bøgedal and Tobias Palludan},
    title     = {GIRAF Process Manual},
    address =  {\url{https://github.com/aau-giraf/wiki/tree/master/process_manual}},
    year    =   {2019},
	note    =   {Seen 01-03-2019}	
}

@manual{cite:sundedDK,
    author    = {Tine Houmann},
    title     = {Autismespektrumforstyrrelser},
    address =  {\url{https://www.sundhed.dk/borger/patienthaandbogen/psyke-hos-boern/sygdomme/udviklingsforstyrrelser/autismespektrumforstyrrelser/}},
    year    =   {26-01-2017},
	note    =   {Seen 01-03-2019}	
}

@manual{cite:psykiatriFonden,
    author    = {Knud Robert Petersen and Lisbeth Preil},
    title     = {Autismespektrumforstyrrelser},
    address =  {\url{http://www.psykiatrifonden.dk/viden/diagnoser/autisme.aspx}},
    year    =   {13-11-2017},
	note    =   {Seen 01-03-2019}	
}

@manual{cite:autismSociety,
    author    = {{Autism Society}},
    title     = {Facts and Statistics},
    address =  {\url{http://www.autism-society.org/what-is/facts-and-statistics/}},
    year    =   {26-08-2015},
	note    =   {Seen 01-03-2019}	
}

@manual{cite:flutter,
    author    = {Google},
    title     = {Flutter},
    address =  {\url{https://flutter.dev/}},
    year    =   {n.d.},
	note    =   {Seen 01-03-2019}	
}

@manual{cite:dartLang,
    author    = {Google},
    title     = {Dart Language},
    address =  {\url{https://dartlang.org/}},
    year    =   {n.d.},
	note    =   {Seen 01-03-2019}	
}

@manual{cite:xamarinVS,
    author    = {Microsoft},
    title     = {Xamarin},
    address =  {\url{https://visualstudio.microsoft.com/xamarin/}},
    year    =   {n.d.},
	note    =   {Seen 01-03-2019}	
}

@manual{cite:git,
    author    = {Linus Torvald},
    title     = {Git},
    address =  {\url{https://git-scm.com/}},
    year    =   {n.d.},
	note    =   {Seen 01-03-2019}	
}

@manual{cite:github,
    author    = {{GitHub Inc.}},
    title     = {Github},
    address =  {\url{https://github.com/}},
    year    =   {n.d.},
	note    =   {Seen 01-03-2019}	
}

@manual{cite:swagger,
    author    = {{SmartBear Software}},
    title     = {Swagger},
    address =  {\url{https://swagger.io/}},
    year    =   {n.d.},
	note    =   {Seen 01-03-2019}	
}

@manual{cite:API,
    author    = {Mulesoft},
    title     = {What is an API?},
    address =  {\url{https://www.mulesoft.com/resources/api/what-is-an-api}},
    year    =   {01-03-2019},
	note    =   {Seen 01-03-2019}	
}

@manual{cite:webAPI,
    author    = {DotNetTricks},
    title     = {What is Web API},
    address =  {\url{https://www.dotnettricks.com/learn/webapi/what-is-web-api-and-why-to-use-it}},
    year    =   {26-4-2019},
	note    =   {Seen 01-03-2019}	
}

@manual{cite:physicalWeekplanner,
    author    = {autism.org},
    title     = {What is Web API},
    address =  {\url{https://www.autism.org.uk/about/strategies/visual-supports.aspx}},
    year    =   {02-2016},
	note    =   {Seen 14-03-2019}	
}

@manual{cite:chooseCitizenPrototypeGitHub,
    author    = {{GIRAF 2019 PO-group}},
    title     = {Choose citizen prototype},
    address =  {\url{https://github.com/aau-giraf/wiki/blob/master/design_guide/prototypes/prototypes.pdf}},
    year    =   {2019},
	note    =   {Seen 21-03-2019}	
}

@manual{cite:rateLimitGithub,
    author    = {Stefan Prodan},
    title     = {AspNetCoreRateLimit},
        address =  {\url{https://github.com/stefanprodan/AspNetCoreRateLimit}},
    year    =   {13-03-2019},
	note    =   {Seen 03-04-2019}	
}

@manual{cite:blocPattern,
    author    = {Didier Boelens},
    title     = {Reactive Programming — Streams — BLoC},
        address =  {\url{https://medium.com/flutter-community/reactive-programming-streams-bloc-6f0d2bd2d248}},
    year    =   {01-09-2018},
	note    =   {Seen 09-04-2019}	
}

@manual{cite:scrumGuide,
    author    = {Ken Schwaber and Jeff Sutherland},
    title     = {The Scrum Guide},
        address =  {\url{https://www.scrumguides.org/docs/scrumguide/v2017/2017-Scrum-Guide-US.pdf#zoom=100}},
    year    =   {01-11-2017},
	note    =   {Seen 16-04-2019}	
}

@manual{cite:NIMH,
    author    = {{National Institute of Mental Health}},
    title     = {Autism Spectrum Disorder},
    address =  {\url{https://www.nimh.nih.gov/health/topics/autism-spectrum-disorders-asd/index.shtml}},
    year    =   {03-2018},
	note    =   {Seen 01-03-2019}	
}

@manual{cite:entityFramework,
    author    = {{Entity Framework Tutorial}},
    title     = {What is Entity Framework?},
    address =  {\url{https://www.entityframeworktutorial.net/what-is-entityframework.aspx}},
    year    =   {n.d.},
	note    =   {Seen 22-05-2019}	
}

@manual{cite:gitFlow,
    author    = {Bitbucket},
    title     = {Gitflow Workflow},
    address =  {\url{https://www.atlassian.com/git/tutorials/comparing-workflows/gitflow-workflow}},
    year    =   {n.d.},
	note    =   {Seen 22-05-2019}	
}
