@manual{cite:MathWorks,
 
    author  =   {MathWorks},
    title   =   {MathWorks},
	address =   {\url{https://se.mathworks.com/}},
	year    =   {2018},
	note    =   {Seen 16-02-2018}	
}
 
@book{cite:latexcompanion,
    author    = "Michel Goossens and Frank Mittelbach and Alexander Samarin",
    title     = "The \LaTeX\ Companion",
    year      = "1993",
    publisher = "Addison-Wesley",
    address   = "Reading, Massachusetts"
}


@manual{cite:AboutSWAGGER2019,
    author    = {Swagger},
    title     = {About Swagger},
    address =  {https://swagger.io/about/},
    year    =   {2018},
	note    =   {Seen 01-03-2019}	

}

@manual{cite:projectManualSW602F19,
    author    = {Bjarke Møller and Jacob Gosch and Kristoffer Jensen and Magnus Pedersen and Tobias Bøgedal and Tobias Palludan},
    title     = {GIRAF Process Manual},
    address =  {\url{https://github.com/aau-giraf/wiki/tree/master/process_manual}},
    year    =   {2019},
	note    =   {Seen 01-03-2019}	
}


@manual{cite:SundedDK,
    author    = {Tine Houmann},
    title     = {Autismespektrumforstyrrelser},
    address =  {\url{https://www.sundhed.dk/borger/patienthaandbogen/psyke-hos-boern/sygdomme/udviklingsforstyrrelser/autismespektrumforstyrrelser/}},
    year    =   {26-01-2017},
	note    =   {Seen 01-03-2019}	
}

@manual{cite:PsykiatriFonden,
    author    = {Knud Robert Petersen, Lisbeth Preil},
    title     = {Autismespektrumforstyrrelser},
    address =  {\url{http://www.psykiatrifonden.dk/viden/diagnoser/autisme.aspx}},
    year    =   {13-11-2017},
	note    =   {Seen 01-03-2019}	
}

@manual{cite:AutismSociety,
    author    = {Autism Soceity},
    title     = {Facts and Statistics},
    address =  {\url{http://www.autism-society.org/what-is/facts-and-statistics/}},
    year    =   {26-08-2015},
	note    =   {Seen 01-03-2019}	
}

@manual{cite:NIMH,
    author    = {Autism Soceity},
    title     = {Facts and Statistics},
    address =  {\url{https://www.nimh.nih.gov/health/topics/autism-spectrum-disorders-asd/index.shtml}},
    year    =   {03-2018},
	note    =   {Seen 01-03-2019}	
}

@manual{cite:Flutter,
    author    = {Google},
    title     = {Flutter},
    address =  {\url{https://flutter.dev/}},
    year    =   {01-03-2019},
	note    =   {Seen 01-03-2019}	
}

@manual{cite:DartLang,
    author    = {Google},
    title     = {Dart Language},
    address =  {\url{https://dartlang.org/}},
    year    =   {01-03-2019},
	note    =   {Seen 01-03-2019}	
}

@manual{cite:XamarinVS,
    author    = {Microsoft},
    title     = {Xamarin},
    address =  {\url{https://visualstudio.microsoft.com/xamarin/}},
    year    =   {01-03-2019},
	note    =   {Seen 01-03-2019}	
}

@manual{cite:Git,
    author    = {Linus Torvald},
    title     = {Git},
    address =  {\url{https://git-scm.com/}},
    year    =   {01-03-2019},
	note    =   {Seen 01-03-2019}	
}

@manual{cite:Github,
    author    = {GitHub Inc.},
    title     = {Github},
    address =  {\url{https://github.com/}},
    year    =   {01-03-2019},
	note    =   {Seen 01-03-2019}	
}

@manual{cite:Swagger,
    author    = {SmartBear Software},
    title     = {Swagger},
    address =  {\url{https://swagger.io/}},
    year    =   {01-03-2019},
	note    =   {Seen 01-03-2019}	
}

@manual{cite:API,
    author    = {Mulesoft},
    title     = {What is an API?},
    address =  {\url{https://www.mulesoft.com/resources/api/what-is-an-api}},
    year    =   {01-03-2019},
	note    =   {Seen 01-03-2019}	
}

@manual{cite:WebAPI,
    author    = {DotNetTricks},
    title     = {What is Web API},
    address =  {\url{https://www.dotnettricks.com/learn/webapi/what-is-web-api-and-why-to-use-it}},
    year    =   {01-03-2019},
	note    =   {Seen 01-03-2019}	
}

@manual{cite:PhysicalWeeknaplnner,
    author    = {autism.org},
    title     = {What is Web API},
    address =  {\url{https://www.autism.org.uk/about/strategies/visual-supports.aspx}},
    year    =   {02-2016},
	note    =   {Seen 14-03-2019}	
}

@manual{cite:FlutterDEV,
    author    = {Google},
    title     = {Flutter},
    address =  {\url{https://flutter.dev}},
    year    =   {2019},
	note    =   {Seen 20-03-2019}	
}

@manual{cite:chooseCitizenPrototypeGitHub,
    author    = {GIRAF 2019 PO-group},
    title     = {Choose citizen prototype},
    address =  {\url{https://github.com/aau-giraf/wiki/blob/master/design_guide/prototypes/prototypes.pdf}},
    year    =   {2019},
	note    =   {Seen 21-03-2019}	
}

@manual{cite:loginPrototypeGitHub,
    author    = {GIRAF 2019 PO-group},
    title     = {Login prototype},
        address =  {\url{https://flutter.dev}},
    year    =   {2019},
	note    =   {Seen 21-03-2019}	
}

@manual{cite:RateLimitGithub,
    author    = {Stefan Prodan},
    title     = {AspNetCoreRateLimit},
        address =  {\url{https://github.com/stefanprodan/AspNetCoreRateLimit}},
    year    =   {03-2019},
	note    =   {Seen 3-04-2019}	
}

@manual{cite:blocPattern,
    author    = {Didier Boelens},
    title     = {Reactive Programming — Streams — BLoC},
        address =  {\url{https://medium.com/flutter-community/reactive-programming-streams-bloc-6f0d2bd2d248}},
    year    =   {01-09-2018},
	note    =   {Seen 09-04-2019}	
}

